% introduction
@Article{Winkler2011,
	author="Winkler, Irene
	and Haufe, Stefan
	and Tangermann, Michael",
	title="Automatic Classification of Artifactual ICA-Components for Artifact Removal in EEG Signals",
	journal="Behavioral and Brain Functions",
	year="2011",
	volume="7",
	number="1",
	pages="30",
	abstract="Artifacts contained in EEG recordings hamper both, the visual interpretation by experts as well as the algorithmic processing and analysis (e.g. for Brain-Computer Interfaces (BCI) or for Mental State Monitoring). While hand-optimized selection of source components derived from Independent Component Analysis (ICA) to clean EEG data is widespread, the field could greatly profit from automated solutions based on Machine Learning methods. Existing ICA-based removal strategies depend on explicit recordings of an individual's artifacts or have not been shown to reliably identify muscle artifacts.",
	issn="1744-9081",
	doi="10.1186/1744-9081-7-30",
	url="http://dx.doi.org/10.1186/1744-9081-7-30"
}

@article{klem1999ten,
	title={The ten-twenty electrode system of the International Federation},
	author={Klem, George H and L{\"u}ders, Hans Otto and Jasper, HH and Elger, C and others},
	journal={Electroencephalogr Clin Neurophysiol},
	volume={52},
	number={3},
	pages={3--6},
	year={1999}
}

@article{hardt1976conflicting,
  title={Conflicting results in {EEG} alpha feedback studies},
  author={Hardt, James V and Kamiya, Joe},
  journal={Biofeedback and Self-regulation},
  volume={1},
  number={1},
  pages={63--75},
  year={1976},
  publisher={Springer}
}

@inproceedings{kohavi1995study,
	title={A study of cross-validation and bootstrap for accuracy estimation and model selection},
	author={Kohavi, Ron and others},
	booktitle={International Joint Conference on Artificial Intelligence},
	volume={14},
	number={2},
	pages={1137--1145},
	year={1995},
	organization={Stanford, CA}
}

@article{delorme2004eeglab,
	title={{EEGLAB}: an open source toolbox for analysis of single-trial {EEG} dynamics including independent component analysis},
	author={Delorme, Arnaud and Makeig, Scott},
	journal={Journal of Neuroscience Methods},
	volume={134},
	number={1},
	pages={9--21},
	year={2004},
	publisher={Elsevier}
}

@article{zhang2015efficient,
	title={Efficient resting-state {EEG} network facilitates motor imagery performance},
	author={Zhang, Rui and Yao, Dezhong and Vald{\'e}s-Sosa, Pedro A and Li, Fali and Li, Peiyang and Zhang, Tao and Ma, Teng and Li, Yongjie and Xu, Peng},
	journal={Journal of Neural Engineering},
	volume={12},
	number={6},
	pages={066024},
	year={2015},
	publisher={IOP Publishing}
}
@article{anderson2013immuno,
	title={Immuno-inflammatory, oxidative and nitrosative stress, and neuroprogressive pathways in the etiology, course and treatment of schizophrenia},
	author={Anderson, George and Berk, Michael and Dodd, Seetal and Bechter, Karl and Altamura, Alfredo Carlo and Dell'Osso, Bernardo and Kanba, Shigenobu and Monji, Akira and Fatemi, S Hossein and Buckley, Peter and others},
	journal={Progress in Neuro-Psychopharmacology and Biological Psychiatry},
	volume={42},
	pages={1--4},
	year={2013}
}

@article{ubeyli2008multiclass,
	title={Multiclass support vector machines for diagnosis of erythemato-squamous diseases},
	author={{\"U}beyli, Elif Derya},
	journal={Expert Systems with Applications},
	volume={35},
	number={4},
	pages={1733--1740},
	year={2008},
	publisher={Elsevier}
}

@article{petrosian2001recurrent,
  title={Recurrent neural network-based approach for early recognition of Alzheimer's disease in EEG},
  author={Petrosian, AA and Prokhorov, DV and Lajara-Nanson, W and Schiffer, RB},
  journal={Clinical Neurophysiology},
  volume={112},
  number={8},
  pages={1378--1387},
  year={2001},
  publisher={Elsevier}
}

@inproceedings{buteneers2008real,
  title={Real-time epileptic seizure detection on intra-cranial rat data using reservoir computing},
  author={Buteneers, Pieter and Schrauwen, Benjamin and Verstraeten, David and Stroobandt, Dirk},
  booktitle={International Conference on Neural Information Processing},
  pages={56--63},
  year={2008},
  organization={Springer}
}

@inproceedings{naderi2010analysis,
  title={Analysis and classification of {EEG} signals using spectral analysis and recurrent neural networks},
  author={Naderi, Mohammad Ali and Mahdavi-Nasab, Homayoun},
  booktitle={Biomedical Engineering (ICBME), 2010 17th Iranian Conference of},
  pages={1--4},
  year={2010},
  organization={IEEE}
}

@misc{thezen, title={Different Types of Brain Waves: Delta, Theta, Alpha, Beta, Gamma}, url={http://itsusync.com/different-types-of-brain-waves-delta-theta-alpha-beta-gamma}, journal={Different Types of Brain Waves: Delta, Theta, Alpha, Beta, Gamma}, author={The Zen Cart® Team and others}}

@article{bengio1994learning,
  title={Learning long-term dependencies with gradient descent is difficult},
  author={Bengio, Yoshua and Simard, Patrice and Frasconi, Paolo},
  journal={IEEE transactions on Neural Networks},
  volume={5},
  number={2},
  pages={157--166},
  year={1994},
  publisher={IEEE}
}

@inproceedings{ozdenizci2016resting,
  title={Resting-state {EEG} correlates of motor learning performance in a force-field adaptation task},
  author={{\"O}zdenizci, Ozan and Yal{\c{c}}{\i}n, Mustafa and Erdo{\u{g}}an, Ahmetcan and Pato{\u{g}}lu, Volkan and Grosse-Wentrup, Moritz and Cetin, M{\"u}jdat},
  booktitle={Signal Processing and Communication Application Conference (SIU), 2016 24th},
  pages={2253--2256},
  year={2016},
  organization={IEEE}
}

@article{williams1989learning,
  title={A learning algorithm for continually running fully recurrent neural networks},
  author={Williams, Ronald J and Zipser, David},
  journal={Neural Computation},
  volume={1},
  number={2},
  pages={270--280},
  year={1989},
  publisher={MIT Press}
}

@article{williams1989learning,
  title={A learning algorithm for continually running fully recurrent neural networks},
  author={Williams, Ronald J and Zipser, David},
  journal={Neural Computation},
  volume={1},
  number={2},
  pages={270--280},
  year={1989},
  publisher={MIT Press}
}

@article{lipton2015critical,
  title={A critical review of recurrent neural networks for sequence learning},
  author={Lipton, Zachary C and Berkowitz, John and Elkan, Charles},
  journal={arXiv preprint arXiv:1506.00019},
  year={2015}
} 

@article{jaeger2001echo,
  title={The “echo state” approach to analysing and training recurrent neural networks-with an erratum note},
  author={Jaeger, Herbert},
  journal={Bonn, Germany: German National Research Center for Information Technology GMD Technical Report},
  volume={148},
  number={34},
  pages={13},
  year={2001}
}

@article{maass2002real,
  title={Real-time computing without stable states: A new framework for neural computation based on perturbations},
  author={Maass, Wolfgang and Natschl{\"a}ger, Thomas and Markram, Henry},
  journal={Neural Computation},
  volume={14},
  number={11},
  pages={2531--2560},
  year={2002},
  publisher={MIT Press}
}

@article{siegelmann1991turing,
  title={Turing computability with neural nets},
  author={Siegelmann, Hava T and Sontag, Eduardo D},
  journal={Applied Mathematics Letters},
  volume={4},
  number={6},
  pages={77--80},
  year={1991},
  publisher={Elsevier}
}

@inproceedings{omlin1994constructing,
  title={Constructing deterministic finite-state automata in sparse recurrent neural networks},
  author={Omlin, Christian W and Giles, C Lee},
  booktitle={Neural Networks, 1994. IEEE World Congress on Computational Intelligence., 1994 IEEE International Conference on},
  volume={3},
  pages={1732--1737},
  year={1994},
  organization={IEEE}
}

@article{werbos1990backpropagation,
  title={Backpropagation through time: what it does and how to do it},
  author={Werbos, Paul J},
  journal={Proceedings of the IEEE},
  volume={78},
  number={10},
  pages={1550--1560},
  year={1990},
  publisher={IEEE}
}



%  ESN parts
@article{luong2014addressing,
	title={Addressing the rare word problem in neural machine translation},
	author={Luong, Minh-Thang and Sutskever, Ilya and Le, Quoc V and Vinyals, Oriol and Zaremba, Wojciech},
	journal={arXiv preprint arXiv:1410.8206},
	year={2014}
}

@article{bordes2014question,
	title={Question answering with subgraph embeddings},
	author={Bordes, Antoine and Chopra, Sumit and Weston, Jason},
	journal={arXiv preprint arXiv:1406.3676},
	year={2014}
}
@inproceedings{krizhevsky2012imagenet,
	title={Imagenet classification with deep convolutional neural networks},
	author={Krizhevsky, Alex and Sutskever, Ilya and Hinton, Geoffrey E},
	booktitle={Advances in Neural Information Processing Systems},
	pages={1097--1105},
	year={2012}
}
@article{farabet2013learning,
	title={Learning hierarchical features for scene labeling},
	author={Farabet, Clement and Couprie, Camille and Najman, Laurent and LeCun, Yann},
	journal={IEEE Transactions on Pattern Analysis and Machine Intelligence},
	volume={35},
	number={8},
	pages={1915--1929},
	year={2013},
	publisher={IEEE}
}

@incollection{lukovsevivcius2012practical,
	title={A practical guide to applying echo state networks},
	author={Luko{\v{s}}evi{\v{c}}ius, Mantas},
	booktitle={Neural Networks: Tricks of the Trade},
	pages={659--686},
	year={2012},
	publisher={Springer}
}


@article{Kahan1965,
	author = {Kahan, W.},
	title = {Further Remarks on Reducing Truncation Errors},
	journal = {Commun. ACM},
	issue_date = {Jan. 1965},
	volume = {8},
	number = {1},
	month = jan,
	year = {1965},
	issn = {0001-0782},
	pages = {40--},
	url = {http://doi.acm.org/10.1145/363707.363723},
	doi = {10.1145/363707.363723},
	acmid = {363723},
	publisher = {ACM},
	address = {New York, NY, USA},
} 

@phdthesis {davidverstraeten2009,
	author = "David Verstraeten",
	title  = "Reservoir Computing: computation with dynamical systems",
	year   = "2009"
	school = "Ghent University"
}


@article{maass2007computational,
	title={Computational aspects of feedback in neural circuits},
	author={Maass, Wolfgang and Joshi, Prashant and Sontag, Eduardo D},
	journal={PLoS Comput Biol},
	volume={3},
	number={1},
	pages={e165},
	year={2007},
	publisher={Public Library of Science}
}

@book{jaeger2001short,
	title={Short term memory in echo state networks},
	author={Jaeger, Herbert},
	year={2001},
	publisher={GMD-Forschungszentrum Informationstechnik}
}

@inproceedings{schrauwen2007introduction,
	title={The introduction of time-scales in reservoir computing, applied to isolated digits recognition},
	author={Schrauwen, Benjamin and Defour, Jeroen and Verstraeten, David and Van Campenhout, Jan},
	booktitle={International Conference on Artificial Neural Networks},
	pages={471--479},
	year={2007},
	organization={Springer}
}

% EEG 
@book{niedermeyer2005electroencephalography,
	title={Electroencephalography: basic principles, clinical applications, and related fields},
	author={Niedermeyer, Ernst and da Silva, FH Lopes},
	year={2005},
	publisher={Lippincott Williams \& Wilkins}
}

@book{cohen2014analyzing,
	title={Analyzing neural time series data: theory and practice},
	author={Cohen, Mike X},
	year={2014},
	publisher={MIT Press}
}

@article{teplan2002fundamentals,
	title={Fundamentals of EEG measurement},
	author={Teplan, Michal and others},
	journal={Measurement Science Review},
	volume={2},
	number={2},
	pages={1--11},
	year={2002}
}

@article{cohen2011s,
	title={It`s about time},
	author={Cohen, Michael X},
	journal={Approaches and Assumptions in Human Neuroscience},
	year={2011},
}

@article{jung2000removing,
	title={Removing electroencephalographic artifacts by blind source separation},
	author={Jung, Tzyy-Ping and Makeig, Scott and Humphries, Colin and Lee, Te-Won and Mckeown, Martin J and Iragui, Vicente and Sejnowski, Terrence J},
	journal={Psychophysiology},
	volume={37},
	number={2},
	pages={163--178},
	year={2000},
	publisher={Wiley Online Library}
}

@article{comon1994independent,
	title={Independent component analysis, a new concept?},
	author={Comon, Pierre},
	journal={Signal processing},
	volume={36},
	number={3},
	pages={287--314},
	year={1994},
	publisher={Elsevier}
}

@article{lotte2007review,
	title={A review of classification algorithms for {EEG}-based brain--computer interfaces},
	author={Lotte, Fabien and Congedo, Marco and L{\'e}cuyer, Anatole and Lamarche, Fabrice and Arnaldi, Bruno},
	journal={Journal of Neural Engineering},
	volume={4},
	number={2},
	pages={R1},
	year={2007},
	publisher={IOP Publishing}
}

@article{bennett2000support,
	title={Support vector machines: hype or hallelujah?},
	author={Bennett, Kristin P and Campbell, Colin},
	journal={ACM SIGKDD Explorations Newsletter},
	volume={2},
	number={2},
	pages={1--13},
	year={2000},
	publisher={ACM}
}

@inproceedings{anderson1996classification,
	title={Classification of {EEG} signals from four subjects during five mental tasks},
	author={Anderson, Charles W and Sijercic, Zlatko},
	booktitle={Solving Engineering Problems with Neural Networks: proceedings of the conference on engineering applications in neural networks (EANN’96)},
	pages={407--414},
	year={1996},
	organization={Turkey}
}
@inproceedings{palaniappan2005brain,
	title={Brain computer interface design using band powers extracted during mental tasks},
	author={Palaniappan, Ramaswamy},
	booktitle={Neural Engineering, 2005. Conference Proceedings. 2nd International IEEE EMBS Conference on},
	pages={321--324},
	year={2005},
	organization={IEEE}
}
@article{millan2004noninvasive,
	title={Noninvasive brain-actuated control of a mobile robot by human {EEG}},
	author={Millan, Jd R and Renkens, Frederic and Mourino, Josep and Gerstner, Wulfram},
	journal={IEEE Transactions on Biomedical Engineering},
	volume={51},
	number={6},
	pages={1026--1033},
	year={2004},
	publisher={IEEE}
}

@article{wu2014resting,
	title={Resting-state cortical connectivity predicts motor skill acquisition},
	author={Wu, Jennifer and Srinivasan, Ramesh and Kaur, Arshdeep and Cramer, Steven C},
	journal={NeuroImage},
	volume={91},
	pages={84--90},
	year={2014},
	publisher={Elsevier}
}

@article{Doppelmayr2002289,
	title = "{EEG} alpha power and intelligence ",
	journal = "Intelligence ",
	volume = "30",
	number = "3",
	pages = "289 - 302",
	year = "2002",
	note = "",
	issn = "0160-2896",
	doi = "http://dx.doi.org/10.1016/S0160-2896(01)00101-5",
	url = "http://www.sciencedirect.com/science/article/pii/S0160289601001015",
	author = "M. Doppelmayr and W. Klimesch and W. Stadler and D. Pöllhuber and C. Heine",
	keywords = "Alpha",
	keywords = "Upper alpha",
	keywords = "EEG",
	keywords = "ERD",
	keywords = "Intelligence",
	keywords = "Memory",
	keywords = "IST-70",
	keywords = "LGT-3 ",
	abstract = "The hypothesis was tested whether alpha power in different subbands (lower-1, lower-2, and upper alpha) is selectively related to intelligence. For 74 subjects, the \{EEG\} was recorded during a resting session. Two different intelligence tests (LGT-3 and IST-70) were performed. We found a strong positive correlation between intelligence and alpha power. Large differences between the two intelligence tests and alpha power subbands were obtained. Whereas the upper alpha band shows the strongest correlation with the IST-70, power in the two lower alpha bands tend to show a more consistent relationship with the LGT-3. Considering the fact that the IST-70 has a strong emphasis on semantic memory demands, whereas the LGT-3 focuses more on the ability to learn new material, we conclude that upper alpha is related to the ability to process semantic information, whereas the two lower alpha bands are associated with attentional demands that dominate during the encoding of new information. "
}



@inproceedings{millan2000local,
	title={Local neural classifier for {EEG}-based recognition of mental tasks},
	author={Mill{\'a}n, J del R and Mourino, Josep and Babiloni, Fabio and Cincotti, Febo and Varsta, Markus and Heikkonen, Jukka},
	booktitle={Neural Networks, 2000. IJCNN 2000, Proceedings of the IEEE-INNS-ENNS International Joint Conference on},
	volume={3},
	pages={632--636},
	year={2000},
	organization={IEEE}
}
@inproceedings{balakrishnan2005multilayer,
	title={Multilayer perceptrons for the classification of brain computer interface data},
	author={Balakrishnan, Divya and Puthusserypady, Sadasivan},
	booktitle={Bioengineering Conference, 2005. Proceedings of the IEEE 31st Annual Northeast},
	pages={118--119},
	year={2005},
	organization={IEEE}
}

@inproceedings{mitul2013classification,
	title={Classification of real time moving object using echo state network},
	author={Mitul, Abu Farzan and Rabin, Md Jubayer Alam and Rakeeb, Muhammad and Khan, Abdullah Al Mamun and Rana, GM Sultan Mahmud and Mollah, AbuShahab and Rahman, Md Hafizur},
	booktitle={Informatics, Electronics \& Vision (ICIEV), 2013 International Conference on},
	pages={1--6},
	year={2013},
	organization={IEEE}
}

@article{ongenae2013time,
	title={Time series classification for the prediction of dialysis in critically ill patients using echo statenetworks},
	author={Ongenae, Femke and Van Looy, Stijn and Verstraeten, David and Verplancke, Thierry and Benoit, Dominique and De Turck, Filip and Dhaene, Tom and Schrauwen, Benjamin and Decruyenaere, Johan},
	journal={Engineering Applications of Artificial Intelligence},
	volume={26},
	number={3},
	pages={984--996},
	year={2013},
	publisher={Elsevier}
}

%% resting eeg 
@article{li2013feature,
	title={Feature extraction and recognition of ictal {EEG} using EMD and SVM},
	author={Li, Shufang and Zhou, Weidong and Yuan, Qi and Geng, Shujuan and Cai, Dongmei},
	journal={Computers in Biology and Medicine},
	volume={43},
	number={7},
	pages={807--816},
	year={2013},
	publisher={Elsevier}
}
@ARTICLE{6255792, 
	author={Y. Liu and W. Zhou and Q. Yuan and S. Chen}, 
	journal={IEEE Transactions on Neural Systems and Rehabilitation Engineering}, 
	title={Automatic Seizure Detection Using Wavelet Transform and SVM in Long-Term Intracranial {EEG}}, 
	year={2012}, 
	volume={20}, 
	number={6}, 
	pages={749-755}, 
	keywords={bioelectric phenomena;electroencephalography;feature extraction;medical computing;medical disorders;neurophysiology;patient diagnosis;patient monitoring;patient rehabilitation;support vector machines;wavelet transforms;SVM;closed-loop brain stimulation;coefficient of variation;epileptic patients;false detection rate;feature extraction;fluctuation index;frequency bands;long-term intracranial EEG;long-term monitoring;multichannel decision collar technique;multichannel decision fusion technique;multichannel intracranial EEG;patient diagnosis;patient rehabilitation;raw classification;seizure detection;support vector machine;time 509 h;training;wavelet decomposition;wavelet transform;wavelet-based automatic seizure detection method;Discrete wavelet transforms;Electroencephalography;Epilepsy;Feature extraction;Sensitivity;Support vector machines;Electroencephalogram (EEG);seizure detection;support vector machine (SVM);wavelet transform;Algorithms;Automation;Data Interpretation, Statistical;Electroencephalography;False Positive Reactions;Humans;Linear Models;Seizures;Signal Processing, Computer-Assisted;Support Vector Machines;Wavelet Analysis}, 
	doi={10.1109/TNSRE.2012.2206054}, 
	ISSN={1534-4320}, 
	month={Nov},}

@article{Garrett2003,
	abstract = {The reliable operation of brain-computer interfaces (BCIs) based on spontaneous electroencephalogram (EEG) signals requires accurate classification of multichannel EEG. The design of EEG representations and classifiers for BCI are open research questions whose difficulty stems from the need to extract complex spatial and temporal patterns from noisy multidimensional time series obtained from EEG measurements. The high-dimensional and noisy nature of EEG may limit the advantage of nonlinear classification methods over linear ones. This paper reports the results of a linear (linear discriminant analysis) and two nonlinear classifiers (neural networks and support vector machines) applied to the classification of spontaneous EEG during five mental tasks, showing that nonlinear classifiers produce only slightly better classification results. An approach to feature selection based on genetic algorithms is also presented with preliminary results of application to EEG during finger movement.},
	annote = {@article{\{}garrett2003comparison,
	title={\{}Comparison of linear, nonlinear, and feature selection methods for {EEG} signal classification{\}},
	author={\{}Garrett, Deon and Peterson, David A and Anderson, Charles W and Thaut, Michael H{\}},
	journal={\{}IEEE Transactions on neural systems and rehabilitation engineering{\}},
	volume={\{}11{\}},
	number={\{}2{\}},
	pages={\{}141--144{\}},
	year={\{}2003{\}},
	publisher={\{}IEEE{\}}
	{\}}},
	author = {Garrett, Deon and Peterson, David A. and Anderson, Charles W. and Thaut, Michael H.},
	doi = {10.1109/TNSRE.2003.814441},
	file = {:Users/Hang/6thSemester/proposal/lit/writing/eeg/ieee{\_}eeg{\_}final.pdf:pdf},
	isbn = {1534-4320},
	issn = {15344320},
	journal = {IEEE Transactions on Neural Systems and Rehabilitation Engineering},
	keywords = {Brain-computer interface (BCI),Electroencephalogram (EEG),Feature selection,Genetic algorithms (GA),Neural networks,Pattern classification,Support vector machines (SVM)},
	mendeley-groups = {proposal writing/eeg},
	number = {2},
	pages = {141--144},
	pmid = {12899257},
	title = {{Comparison of linear, nonlinear, and feature selection methods for {EEG} signal classification}},
	volume = {11},
	year = {2003}
}

@article{thatcher2005eeg,
	title={{EEG} and intelligence: relations between {EEG} coherence, {EEG} phase delay and power},
	author={Thatcher, Robert W and North, Duane and Biver, C},
	journal={Clinical neurophysiology},
	volume={116},
	number={9},
	pages={2129--2141},
	year={2005},
	publisher={Elsevier}
}

@article{davidson2003affective,
	title={Affective neuroscience and psychophysiology: toward a synthesis},
	author={Davidson, Richard J},
	journal={Psychophysiology},
	volume={40},
	number={5},
	pages={655--665},
	year={2003},
	publisher={Wiley Online Library}
}

@article{kounios2008origins,
	title={The origins of insight in resting-state brain activity},
	author={Kounios, John and Fleck, Jessica I and Green, Deborah L and Payne, Lisa and Stevenson, Jennifer L and Bowden, Edward M and Jung-Beeman, Mark},
	journal={Neuropsychologia},
	volume={46},
	number={1},
	pages={281--291},
	year={2008},
	publisher={Elsevier}
}

% planned invest
@article{jasper1958ten,
	title={The ten twenty electrode system of the international federation},
	author={Jasper, Herbert H},
	journal={Electroencephalography and clinical neurophysiology},
	volume={10},
	pages={371--375},
	year={1958}
}